ISA*00*          *00*          *ZZ*PAYER          *ZZ*PROVIDER       *250101*1300*^*00501*000000002*0*T*:~
GS*HP*PAYER*PROVIDER*20250101*1300*2*X*005010X221A1~
ST*835*0002~
BPR*I*150*C*CHK************20250101~
CLP*ABC123*1*100*80*20*MC*11111~
CAS*CO*45*20~
PLB*1234567890*20241231*WO:123*-50*FB:456*30~
SE*8*0002~
GE*1*2~
IEA*1*000000002~